@Manual{justanotherarchivist_2022, 
	title={snscrape}, 
	url={https://github.com/JustAnotherArchivist/snscrape},
	author={JustAnotherArchivist}, 
	year={2022}
} 

@software{huggingface2023,
  author = {HuggingFace},
  title = {Pipeline: High-level API for Text Classification and NER in Transformers},
  version = {0.0.16},
  year = {2023},
  url = {https://github.com/huggingface/transformers},
  note = {Software},
}

article{vaswani2017attention,
  title={Attention is all you need},
  author={Vaswani, Ashish and Shazeer, Noam and Parmar, Niki and Uszkoreit, Jakob and Jones, Llion and Gomez, Aidan N and Kaiser, {\L}ukasz and Polosukhin, Illia},
  journal={Advances in neural information processing systems},
  volume={30},
  year={2017}
}

@article{devlin2018bert,
  title={Bert: Pre-training of deep bidirectional transformers for language understanding},
  author={Devlin, Jacob and Chang, Ming-Wei and Lee, Kenton and Toutanova, Kristina},
  journal={arXiv preprint arXiv:1810.04805},
  year={2018}
}

@Article{Hunter_2007,
  author    = {Hunter, J. D.},
  title     = {Matplotlib: A 2D graphics environment},
  journal   = {Computing in Science \& Engineering},
  volume    = {9},
  number    = {3},
  pages     = {90--95},
  publisher = {IEEE COMPUTER SOC},
  doi       = {10.1109/MCSE.2007.55},
  year      = {2007}
 }
 
  @misc{muller_2022, 
  title={BERT 101 State Of The Art NLP Model ExplainedBritney Muller}, 
  url={https://huggingface.co/blog/bert-101}, journal={huggingface.co}, 
  publisher={March 2, 2022.}, 
  author={Muller, Britney}, 
  year={2022}, 
  month={Mar}
  }
  
  @article{Waskom2021,
    doi = {10.21105/joss.03021},
    url = {https://doi.org/10.21105/joss.03021},
    year = {2021},
    publisher = {The Open Journal},
    volume = {6},
    number = {60},
    pages = {3021},
    author = {Michael L. Waskom},
    title = {seaborn: statistical data visualization},
    journal = {Journal of Open Source Software}
 }
 
 
 @software{reback2020pandas,
    author       = {The pandas development team},
    title        = {pandas-dev/pandas: Pandas},
    month        = feb,
    year         = 2020,
    publisher    = {Zenodo},
    version      = {latest},
    doi          = {10.5281/zenodo.3509134},
    url          = {https://doi.org/10.5281/zenodo.3509134}
}

@article{vaswani2017attention,
  title={Attention is all you need},
  author={Vaswani, Ashish and Shazeer, Noam and Parmar, Niki and Uszkoreit, Jakob and Jones, Llion and Gomez, Aidan N and Kaiser, {\L}ukasz and Polosukhin, Illia},
  journal={Advances in neural information processing systems},
  volume={30},
  year={2017}
}

@article{devlin2018bert,
  title={Bert: Pre-training of deep bidirectional transformers for language understanding},
  author={Devlin, Jacob and Chang, Ming-Wei and Lee, Kenton and Toutanova, Kristina},
  journal={arXiv preprint arXiv:1810.04805},
  year={2018}
}

@article{medhat2014sentiment,
  title={Sentiment analysis algorithms and applications: A survey},
  author={Medhat, Walaa and Hassan, Ahmed and Korashy, Hoda},
  journal={Ain Shams engineering journal},
  volume={5},
  number={4},
  pages={1093--1113},
  year={2014},
  publisher={Elsevier}
}

@inproceedings{golmohammadi2017sentiment,
  title={Sentiment analysis on twitter to improve time series contextual anomaly detection for detecting stock market manipulation},
  author={Golmohammadi, Koosha and Zaiane, Osmar R},
  booktitle={International Conference on Big Data Analytics and Knowledge Discovery},
  pages={327--342},
  year={2017},
  organization={Springer}
}

@article{zhao2019forecasting,
  title={Forecasting oil price using web-based sentiment analysis},
  author={Zhao, Lu-Tao and Zeng, Guan-Rong and Wang, Wen-Jing and Zhang, Zhi-Gang},
  journal={Energies},
  volume={12},
  number={22},
  pages={4291},
  year={2019},
  publisher={MDPI}
}

@article{srijiranon2022hybrid,
  title={A Hybrid Framework Using PCA, EMD and LSTM Methods for Stock Market Price Prediction with Sentiment Analysis},
  author={Srijiranon, Krittakom and Lertratanakham, Yoskorn and Tanantong, Tanatorn},
  journal={Applied Sciences},
  volume={12},
  number={21},
  pages={10823},
  year={2022},
  publisher={MDPI}
}