@article{ko2021lstm,
  title={LSTM-based sentiment analysis for stock price forecast},
  author={Ko, Ching-Ru and Chang, Hsien-Tsung},
  journal={PeerJ Computer Science},
  volume={7},
  pages={e408},
  year={2021},
  publisher={PeerJ Inc.}
}

@article{mele2021nature,
  title={Nature and climate change effects on economic growth: an LSTM experiment on renewable energy resources},
  author={Mele, Marco and Gurrieri, Antonia Rosa and Morelli, Giovanna and Magazzino, Cosimo},
  journal={Environmental Science and Pollution Research},
  volume={28},
  number={30},
  pages={41127--41134},
  year={2021},
  publisher={Springer}
}

@article{dahal2019topic,
  title={Topic modeling and sentiment analysis of global climate change tweets},
  author={Dahal, Biraj and Kumar, Sathish AP and Li, Zhenlong},
  journal={Social network analysis and mining},
  volume={9},
  number={1},
  pages={1--20},
  year={2019},
  publisher={Springer}
}